@book{munzner2014visualization,
  title={Visualization analysis and design},
  author={Munzner, Tamara},
  year={2014},
  publisher={CRC press}
}

@misc{drugOverdoseDeathRates,
  title={Drug Overdose Death Rates by Drug Type, Sex, Age, Race, and Hispanic Origin: United States},
  year={2021},
  url={https://catalog.data.gov/dataset/drug-overdose-death-rates-by-drug-type-sex-age-race-and-hispanic-origin-united-states-3f72f},
  note={Accessed: 2023-10-01}
}
